@misc {cite0,
		author = "Max D. Gunzburger, Janet S. Peterson",
		title = "Finite Element Methods",
		howPublished = {\url{https://people.sc.fsu.edu/~jburkardt/classes/fem\_2011/chapter1.pdf}},
		lastAccessed = {Last Accessed: 24/03/2017}
		}

@misc {HandPRefinements,
		author = "Max D. Gunzburger, Janet S. Peterson",
		title = "Adaptive Finite Element Techniques",
		howPublished = {\url{http://www.cs.rpi.edu/~flaherje/pdf/fea8.pdf}},
		lastAccessed = {Last Accessed: 24/03/2017}
		}


@article{RRefinement,
  title={r-Refinement grid adaptation algorithms and issues},
  author={McRae, D Scott},
  journal={Computer Methods in Applied Mechanics and Engineering},
  volume={189},
  number={4},
  pages={1161--1182},
  year={2000},
  publisher={Elsevier},
  lastAccessed = {Last Accessed: 24/03/2017}
}

@article{DolsakPaper91,
  title={Mesh generation expert system for engineering analyses with FEM},
  author={Dol{\v{s}}ak, Bojan and Jezernik, Anton},
  journal={Computers in Industry},
  volume={17},
  number={2-3},
  pages={309--315},
  year={1991},
  publisher={Elsevier},
  lastAccessed = {Last Accessed: 24/03/2017}
  
}

@article{DolsakPaper94,
  title={A knowledge base for finite element mesh design},
  author={Dol{\v{s}}ak, Bojan and Jezernik, Anton and Bratko, Ivan},
  journal={Artificial intelligence in engineering},
  volume={9},
  number={1},
  pages={19--27},
  year={1994},
  publisher={Elsevier},
  lastAccessed = {Last Accessed: 24/03/2017}
  
}

@inproceedings{appOfILPToFEMeshDesign,
  title={The application of Inductive Logic Programming to finite element mesh design},
  author={Dolsak, Bojan and Muggleton, Stephen},
  booktitle={Inductive logic programming},
  year={1992},
  organization={Citeseer},
  lastAccessed = {Last Accessed: 24/03/2017}
}


@article{ConsultRuleIntellSystemFE,
  title={Consultative Rule-Based Intelligent System for Finite Element Type Selection},
  author={Dol{\v{s}}ak, Bojan and Rieg, Frank and Novak, Marina and Hackenschmidt, Reinhard},
  lastAccessed = {Last Accessed: 24/03/2017}
}

@misc {TraditionalHybridRefinement,
		author = "Paul Dvorak",
		title = "Two meshing methods are better than one",
		howPublished = {\url{http://machinedesign.com/archive/two-meshing-methods-are-better-one}},
		lastAccessed = {Last Accessed: 24/03/2017}
		}


@article{NeuralNetworks,
  title={Finite-element mesh generation using self-organizing neural networks},
  author={Manevitz, Larry and Yousef, Malik and Givoli, Dan},
  journal={Microcomputers in Civil Engineering},
  volume={12},
  number={4},
  pages={233--250},
  year={1997},
  publisher={[New York, NY]: Elsevier,[c1986-]-c1997.},
  lastAccessed = {Last Accessed: 24/03/2017}
}
	
		
		
@article{caseBasedReasoning,
  title={Case based reasoning support for adaptive finite element analysis: mesh selection for an integrated system},
  author={Khan, Abid Ali and Chaudhry, Imran Ali and Sarosh, Ali},
  journal={Applied Physics Research},
  volume={6},
  number={3},
  pages={21},
  year={2014},
  lastAccessed = {Last Accessed: 24/03/2017}
}

@book{MuggletonILP,
  title={Inductive logic programming},
  author={Muggleton, Stephen and Otero, Ramon and Tamaddoni-Nezhad, Alireza},
  volume={38},
  year={1992},
  publisher={Springer},
  lastAccessed = {Last Accessed: 24/03/2017}
}


@misc {Golem,
		author = "Muggleton and Feng",
		title = "Golem",
		howPublished = {\url{http://www-ai.ijs.si/~ilpnet2/systems/golem.html}},
		lastAccessed = {Last Accessed: 24/03/2017}
		}
		
@misc {ILPYoutubeLecture,
	author = "Stephen Muggleton",
	title = "Logic based and Probabilistic Symbolic Learning",
	howPublished = {\url{https://www.youtube.com/watch?v=4CwdO5dWW98}},
	lastAccessed = {Last Accessed: 24/03/2017}
}

@article{DittmerMeshQualityMet,
  title={Mesh optimization using a genetic algorithm to control mesh creation parameters},
  author={Dittmer, Jeremy P and Jensen, C Greg and Gottschalk, Michael and Almy, Thomas},
  journal={Computer-Aided Design and Applications},
  volume={3},
  number={6},
  pages={731--740},
  year={2006},
  publisher={Taylor \& Francis},
  lastAccessed = {Last Accessed: 24/03/2017}
}

@misc {PoorFEElementShapes,
	author = "Daniel Peter",
	title = "ray tracing",
	howPublished = {\url{http://danielpeter.github.io/rays.html}},
	lastAccessed = {Last Accessed: 24/03/2017}
}

@article{cite03,
  title={Intelligent initial finite element mesh generation for solutions of 2D Problems},
  author={Vasiliauskien{\.e}, Lina and Bau{\v{s}}ys, Romualdas},
  journal={Informatica},
  volume={13},
  number={2},
  pages={239--250},
  year={2002},
  publisher={IOS Press},
  lastAccessed = {Last Accessed: 24/03/2017}
}

@article{cite04,
  title={Framework for controlled cost and quality of assumptions in finite element analysis},
  author={Bellenger, E and Benhafid, Y and Troussier, N},
  journal={Finite Elements in Analysis and Design},
  volume={45},
  number={1},
  pages={25--36},
  year={2008},
  publisher={Elsevier},
  lastAccessed = {Last Accessed: 24/03/2017}
}



@misc {IntroductionToFE,
	author = "G. P. Nikishkov",
	title = "INTRODUCTION TO THE FINITE ELEMENT METHOD",
	howPublished = {\url{http://homepages.cae.wisc.edu/~suresh/ME964Website/M964Notes/Notes/introfem.pdf}},
	lastAccessed = {Last Accessed: 24/03/2017}
}

@misc {LISAManual,
	author = "LISA team",
	title = "LISA manual",
	howPublished = {\url{http://www.lisafea.com/pdf/manual.pdf}},
	lastAccessed = {Last Accessed: 24/03/2017}
}


@misc {cite06,
	author = "Nam-Ho Kim",
	title = "STRUCTURAL DESIGN USING FINITE ELEMENTS",
	howPublished = {\url{http://web.mae.ufl.edu/nkim/eas6939/Opt\_FEM.pdf}},
	lastAccessed = {Last Accessed: 24/03/2017}
}

@misc {GrahamScan,
	author = "Unknown",
	title = "The convex hull of a set of points",
	howPublished = {\url{http://www2.lawrence.edu/fast/GREGGJ/CMSC210/convex/convex.html}},
	lastAccessed = {Last Accessed: 24/03/2017}
}

@misc {ConvexHulls,
	author = "Dan Sunday",
	title = "The Convex Hull of a Planar Point Set",
	howPublished = {\url{http://geomalgorithms.com/a10-_hull-1.html}},
	lastAccessed = {Last Accessed: 24/03/2017}
}

@misc {BruteConvex,
	author = "Unknown",
	title = "Brute Force Closest Pair and Convex-Hull",
	howPublished = {\url{http://www.csl.mtu.edu/cs4321/www/Lectures/Lecture\%206\%20-\%20Brute\%20Force\%20Closest\%20Pair\%20and\%20Convex\%20and\%20Exhausive\%20Search.htm}},
	lastAccessed = {Last Accessed: 24/03/2017}
}


@misc {cite07,
	author = "Unknown",
	title = "Type of Finite Elements and Steps in FEA Proces",
	howPublished = {\url{http://highered.mheducation.com/sites/dl/free/0073398144/934758/Ch07TypesOfFiniteElementsAndStepsInFEAProcess.pdf}},
	lastAccessed = {Last Accessed: 24/03/2017}
}

@misc {FiniteElementMeshRefinement,
	author = "Unknown",
	title = "Finite Element Mesh Refinement",
	howPublished = {\url{https://www.comsol.com/multiphysics/mesh-refinement}},
	lastAccessed = {Last Accessed: 24/03/2017}
}

@misc {StressConcerntration,
	author = "Frank Kreith",
	title = "Stress Concerntration Fundamentals",
	howPublished = {\url{http://www.engineersedge.com/material_science/stress_concentration_fundamentals_9902.htm}},
	lastAccessed = {Last Accessed: 24/03/2017}
}

@misc {ElemQualAndChecks,
	author = "Garath Lee",
	title = "Element Quality And Checks",
	howPublished = {\url{http://www.engineersedge.com/material_science/stress_concentration_fundamentals_9902.htm}},
	lastAccessed = {Last Accessed: 24/03/2017}
}

@misc {cantileverBeam,
	author = "Various",
	title = "What is the cantilever beam? What is the advantages and disadvantages of it?",
	howPublished = {\url{https://www.quora.com/What-is-the-cantilever-beam-What-is-the-advantages-and-disadvantages-of-it}},
	lastAccessed = {Last Accessed: 24/03/2017}
}


@misc {LISAWebsite,
	author = "LISA team",
	title = "LISA",
	howPublished = {\url{http://www.lisafea.com/purchase.html}},
	lastAccessed = {Last Accessed: 24/03/2017}
}

@misc {Doxygen,
	author = "Doxyge team",
	title = "Doxygen",
	howPublished = {\url{http://www.stack.nl/~dimitri/doxygen/}},
	lastAccessed = {Last Accessed: 24/03/2017}
}

@misc {ElementShapeQuality,
	author = "Steven Hale",
	title = "Will Poorly-Shaped Elements Really Affect My Solution?",
	howPublished = {\url{https://caeai.com/blog/will-poorly-shaped-elements-really-affect-my-solution}},
	lastAccessed = {Last Accessed: 24/03/2017}
}

@misc {AnsysCost,
	author = "Various",
	title = "How much does Ansys cost?",
	howPublished = {\url{http://mscnastrannovice.blogspot.co.uk/2013/04/how-much-does-ansys-cost.html}},
	lastAccessed = {Last Accessed: 24/03/2017}
}


@misc {HighStressCorner,
	author = "Unknown",
	title = "High Stress Corner",
	howPublished = {\url{http://www.engineeringanalysisservices.com/moving-mesh-fea-analysis.php}},
	lastAccessed = {Last Accessed: 24/03/2017}
}

@misc {ChainHull,
	author = "Dan Sunday",
	title = "Convex Hull of a Planar Set of Points",
	howPublished = {\url{http://geomalgorithms.com/a10-_hull-1.html#chainHull_2D}},
	lastAccessed = {Last Accessed: 24/03/2017}
}


@misc {MonotoneChain,
	author = "Various",
	title = "Algorithm Implementation/Geometry/Convex hull/Monotone chain",
	howPublished = {\url{https://en.wikibooks.org/wiki/Algorithm_Implementation/Geometry/Convex_hull/Monotone_chain}},
	lastAccessed = {Last Accessed: 24/03/2017}
}


@misc {CSharpConvexHull,
	author = {David Piepgrass},
	title = {The Convex Hull Of a Planar Point Set},
	howPublished = {\url{http://loyc.net/2014/2d-convex-hull-in-cs.html}},
	lastAccessed = {Last Accessed: 24/03/2017}
}


@misc {YoungsModulus,
	author = {Physics Net team},
	title = {Youngs Modulus},
	howPublished = {\url{http://physicsnet.co.uk/a-level-physics-as-a2/materials/young-modulus/}},
	lastAccessed = {Last Accessed: 24/03/2017}
}


@misc {PossionsRatio,
	author = "Rod Lakes",
	title = "Poisson Intro",
	howPublished = {\url{http://silver.neep.wisc.edu/~lakes/PoissonIntro.html}},
	lastAccessed = {Last Accessed: 24/03/2017}
}


@misc{VisualStudioMaintainIndex,
	author = "Visual Studio Team",
	title = "Visual Studio Maintaintainance Index",
	howPublished = {\url{https://msdn.microsoft.com/en-gb/library/bb385914.aspx}},
	lastAccessed = {Last Accessed: 24/03/2017}
}

@misc{VisualStudioMaintainIndex,
	author = "Visual Studio Team",
	title = "Visual Studio Maintaintainance Index",
	howPublished = {\url{https://msdn.microsoft.com/en-gb/library/bb385914.aspx}},
	lastAccessed = {Last Accessed: 24/03/2017}
}



%%%%%%%%%%%%%%%%%%%%%%%%%%%%%%%%%%%%%%%%%%%%%%%%%%%%%%%%%%%%%%%%%%%%%
