@misc {cite0,
		author = {Max D. Gunzburger, Janet S. Peterson},
		title = {Finite Element Methods},
		howPublished = {\url{https://people.sc.fsu.edu/~jburkardt/classes/fem\_2011/chapter1.pdf}},
		lastAccessed = {Last Accessed: 24/03/2017}
}




%%%%%%%%%%%%%%%%%%%%%%%%%%%%%%%%%%%%%%%%%%%%%%%%%%%%%%%%%%%%%%%%%%%%%
